@inproceedings{paszke2019pytorch,
  title={PyTorch: An Imperative Style, High-Performance Deep Learning Library},
  author={Paszke, Adam and Gross, Sam and Massa, Francisco and Lerer, Adam and Bradbury, James and Chanan, Gregory and Killeen, Trevor and Lin, Zeming and Gimelshein, Natalia and Antiga, Luca and Desmaison, Alban and Kopf, Andreas and Yang, Edward and DeVito, Zachary and Raison, Martin and Tejani, Alykhan and Chilamkurthy, Sasank and Steiner, Benoit and Fang, Lu and Bai, Junjie and Chintala, Soumith},
  booktitle={Advances in Neural Information Processing Systems},
  editor={H. Wallach and H. Larochelle and A. Beygelzimer and F. d\textquotesingle Alch\'{e}-Buc and E. Fox and R. Garnett},
  volume={32},
  pages={8024--8035},
  year={2019},
  publisher={Curran Associates, Inc.},
  url={https://pytorch.org/},
%   url={http://papers.neurips.cc/paper/9015-pytorch-an-imperative-style-high-performance-deep-learning-library.pdf},
%   url={https://proceedings.neurips.cc/paper/2019/file/bdbca288fee7f92f2bfa9f7012727740-Paper.pdf}
}

@misc{abadi2015tensorflow,
  title={ {TensorFlow}: Large-Scale Machine Learning on Heterogeneous Systems},
  url={https://www.tensorflow.org/},
  note={Software available from tensorflow.org},
  author={
    Mart\'{i}n~Abadi and
    Ashish~Agarwal and
    Paul~Barham and
    Eugene~Brevdo and
    Zhifeng~Chen and
    Craig~Citro and
    Greg~S.~Corrado and
    Andy~Davis and
    Jeffrey~Dean and
    Matthieu~Devin and
    Sanjay~Ghemawat and
    Ian~Goodfellow and
    Andrew~Harp and
    Geoffrey~Irving and
    Michael~Isard and
    Yangqing Jia and
    Rafal~Jozefowicz and
    Lukasz~Kaiser and
    Manjunath~Kudlur and
    Josh~Levenberg and
    Dandelion~Man\'{e} and
    Rajat~Monga and
    Sherry~Moore and
    Derek~Murray and
    Chris~Olah and
    Mike~Schuster and
    Jonathon~Shlens and
    Benoit~Steiner and
    Ilya~Sutskever and
    Kunal~Talwar and
    Paul~Tucker and
    Vincent~Vanhoucke and
    Vijay~Vasudevan and
    Fernanda~Vi\'{e}gas and
    Oriol~Vinyals and
    Pete~Warden and
    Martin~Wattenberg and
    Martin~Wicke and
    Yuan~Yu and
    Xiaoqiang~Zheng},
  year={2015},
}

@inproceedings{chen2015mxnet,
  title={MXNet: A Flexible and Efficient Machine Learning Library for Heterogeneous Distributed Systems},
  author={Tianqi Chen and Mu Li and Yutian Li and Min Lin and Naiyan Wang and Minjie Wang and Tianjun Xiao and Bing Xu and Chiyuan Zhang and Zheng Zhang},
  booktitle={Neural Information Processing Systems, Workshop on Machine Learning Systems},
  year={2015},
  url={https://mxnet.apache.org/}
}

@article{alexandrov2020gluonts,
  author={Alexander Alexandrov and Konstantinos Benidis and Michael Bohlke-Schneider and
    Valentin Flunkert and Jan Gasthaus and Tim Januschowski and Danielle C. Maddix and
    Syama Rangapuram and David Salinas and Jasper Schulz and Lorenzo Stella and
    Ali Caner T\"{u}rkmen and Yuyang Wang},
  title={{GluonTS: Probabilistic and Neural Time Series Modeling in Python}},
  journaltitle={Journal of Machine Learning Research},
  volume={21},
  number={116},
  pages={1--6},
  year={2020},
  url={http://jmlr.org/papers/v21/19-820.html}
}

@misc{alexandrov2019gluonts,
  author={Alexander Alexandrov and Konstantinos Benidis and Michael Bohlke-Schneider and
    Valentin Flunkert and Jan Gasthaus and Tim Januschowski and Danielle C. Maddix and
    Syama Rangapuram and David Salinas and Jasper Schulz and Lorenzo Stella and
    Ali Caner T\"{u}rkmen and Yuyang Wang},
  title={{GluonTS: Probabilistic Time Series Modeling in Python}},
  year={2019},
  eprint={1906.05264},
  archivePrefix={arXiv},
  primaryClass={cs.LG}
}

@inproceedings{seabold2010statsmodels,
  title={Statsmodels: Econometric and Statistical Modeling with Python},
  author={Skipper Seabold and Josef Perktold},
  booktitle={9th Python in Science Conference},
  year={2010},
  pages={92--96},
  doi={10.25080/Majora-92bf1922-011}
}

@inproceedings{loning2019sktime,
  author={L{\"{o}}ning, Markus and Bagnall, Anthony and Ganesh, Sajaysurya and Kazakov, Viktor and Lines, Jason and Kir{\'{a}}ly, Franz J},
  booktitle={Workshop on Systems for ML at NeurIPS 2019},
  title={{sktime: A Unified Interface for Machine Learning with Time Series}},
  date={2019},
}

@article{bingham2019pyro,
  author    = {Eli Bingham and
               Jonathan P. Chen and
               Martin Jankowiak and
               Fritz Obermeyer and
               Neeraj Pradhan and
               Theofanis Karaletsos and
               Rohit Singh and
               Paul A. Szerlip and
               Paul Horsfall and
               Noah D. Goodman},
  title     = {Pyro: Deep Universal Probabilistic Programming},
  journaltitle   = {Journal of Machine Learning Research},
  volume    = {20},
  number    = {28},
  pages     = {1--6},
  year      = {2019},
  url       = {http://jmlr.org/papers/v20/18-403.html}
}

@inproceedings{li2018dcrnn_traffic,
  title={Diffusion Convolutional Recurrent Neural Network: Data-Driven Traffic Forecasting},
  author={Li, Yaguang and Yu, Rose and Shahabi, Cyrus and Liu, Yan},
  booktitle={International Conference on Learning Representations},
  year={2018},
%   url={https://openreview.net/forum?id=SJiHXGWAZ},
%   eprint={1707.01926v3},
%   archivePrefix={arXiv},
%   primaryClass={cs.LG}
}

@misc{triebe2019arnet,
  title={AR-Net: A simple Auto-Regressive Neural Network for time-series}, 
  author={Oskar Triebe and Nikolay Laptev and Ram Rajagopal},
  year={2019},
  eprint={1911.12436v1},
  archivePrefix={arXiv},
  primaryClass={cs.LG}
}

@misc{huang2020aortic,
  title={Aortic Pressure Forecasting with Deep Sequence Learning}, 
  author={Eliza Huang and Rui Wang and Uma Chandrasekaran and Rose Yu},
  year={2020},
  eprint={2005.05502v3},
  archivePrefix={arXiv},
  primaryClass={cs.LG}
}

@misc{zou2020epidemic,
  title={Epidemic Model Guided Machine Learning for COVID-19 Forecasts in the United States},
  author={Zou, Difan and Wang, Lingxiao and Xu, Pan and Chen, Jinghui and Zhang, Weitong and Gu, Quanquan},
  year={2020},
  doi={10.1101/2020.05.24.20111989},
%   eid={2020.05.24.20111989},
%   publisher={Cold Spring Harbor Laboratory Press},
%   url={https://www.medrxiv.org/content/early/2020/05/25/2020.05.24.20111989},
%   eprint={https://www.medrxiv.org/content/early/2020/05/25/2020.05.24.20111989.full.pdf},
%   journaltitle={medRxiv}
}

@article{lighthill1955kinematic,
  title={On kinematic waves II. A theory of traffic flow on long crowded roads},
  author={Lighthill, Michael James and Whitham, Gerald Beresford},
  journaltitle={Proceedings of the Royal Society of London A},
  volume={229},
  number={1178},
  pages={317--345},
  year={1955},
  doi={10.1098/rspa.1955.0089}
}

@article{richards1956shock,
  title={Shock Waves on the Highway},
  author={Richards, Paul I.},
  journaltitle={Operations Research},
  volume={4},
  number={1},
  pages={42--51},
  year={1956},
  doi={10.1287/opre.4.1.42}
}

@misc{wang2020bridging,
  title={Bridging Physics-based and Data-driven modeling for Learning Dynamical Systems}, 
  author={Rui Wang and Danielle Maddix and Christos Faloutsos and Yuyang Wang and Rose Yu},
  year={2020},
  eprint={2011.10616v1},
  archivePrefix={arXiv},
  primaryClass={cs.LG}
}

@article{lagaris1998artificial,
  title={Artificial neural networks for solving ordinary and partial differential equations},
  author={Isaac E. Lagaris and Aristidis Likas and Dimitrios I. Fotiadis},
  journaltitle={IEEE Transactions on Neural Networks},
  volume={9},
  number={5},
  pages={987--1000},
  year={1998},
  doi={10.1109/72.712178}
}

@article{raissi2019physics,
  title={Physics-informed neural networks: A deep learning framework for solving forward and inverse problems involving nonlinear partial differential equations},
  author={Maziar Raissi and Paris Perdikaris and George E. Karniadakis},
  journaltitle={Journal of Computational Physics},
  volume={378},
  pages={686--707},
  year={2019},
%   issn={0021-9991},
  doi={10.1016/j.jcp.2018.10.045},
%   url={https://www.sciencedirect.com/science/article/pii/S0021999118307125},
}

@online{lange2021covid,
  title={COVID-19 Total Cases and Estimates of Active Cases in Southern California},
  author={Carsten Lange},
  year={2021},
  url={https://www.cpp.edu/~clange/covid19/Covid19ReportCalifornia.html},
  urldate={2021-04-15}
}

@article{dong2020covid,
  title={An interactive web-based dashboard to track COVID-19 in real time},
  author={Ensheng Dong and Hongru Du and Lauren Gardner},
  journaltitle={The Lancet Infectious Diseases},
  volume={20},
  number={5},
  pages={533--534},
  year={2020},
  doi={10.1016/S1473-3099(20)30120-1}
}

@misc{kingma2017adam,
  title={Adam: A Method for Stochastic Optimization}, 
  author={Diederik P. Kingma and Jimmy Ba},
  year={2017},
  eprint={1412.6980},
  archivePrefix={arXiv},
  primaryClass={cs.LG}
}

@misc{yu2021sequence,
  title={Sequence Modeling},
  author={Rose Yu},
  year={2021},
  note={CSE 151B: Deep Learning},
  organization={University of California San Diego},
  howpublished={Lecture notes},
  addendum={Spring quarter}
}

@article{hochreiter1997lstm,
  title={Long Short-Term Memory},
  author={Sepp Hochreiter and J\"{u}rgen Schmidhuber},
  journaltitle={Neural Computation},
  volume={9},
  number={8},
  pages={1735--1780},
  year={1997},
  doi={10.1162/neco.1997.9.8.1735}
}

@article{gaddam2016comparison,
  title={Comparison of Numerical Schemes for LWR Model under Heterogeneous Traffic Conditions}, 
  author={Gaddam, Hari Krishna and Chinthireddy, Anjaneyulu and Rao, K Ramachandra},
  journal={Periodica Polytechnica Transportation Engineering},
  volume={44},
  number={3},
  pages={132--140},
  year={2016},
  doi={10.3311/PPtr.8297}
}
